<record><leader>00000cas a22000007a 4500</leader><controlfield tag="001">38051053</controlfield><controlfield tag="008">971208u1892uuuumeuwr ne      0    0eng d</controlfield><datafield ind1=" " ind2=" " tag="010"><subfield code="a">sn 97069034 </subfield></datafield><datafield ind1=" " ind2=" " tag="040"><subfield code="a">MBN</subfield><subfield code="b">eng</subfield><subfield code="c">MBN</subfield><subfield code="d">OCLCQ</subfield><subfield code="d">OCLCF</subfield><subfield code="d">OCLCO</subfield></datafield><datafield ind1="1" ind2=" " tag="029"><subfield code="a">AU@</subfield><subfield code="b">000024785899</subfield></datafield><datafield ind1=" " ind2=" " tag="042"><subfield code="a">msc</subfield></datafield><datafield ind1=" " ind2=" " tag="043"><subfield code="a">n-us-me</subfield></datafield><datafield ind1="0" ind2=" " tag="130"><subfield code="a">Beacon (Presque Isle, Me.)</subfield></datafield><datafield ind1="1" ind2="4" tag="245"><subfield code="a">The beacon.</subfield></datafield><datafield ind1=" " ind2=" " tag="260"><subfield code="a">Presque Isle, Me. :</subfield><subfield code="b">William H. Smith</subfield></datafield><datafield ind1=" " ind2=" " tag="300"><subfield code="a">v.</subfield></datafield><datafield ind1=" " ind2=" " tag="310"><subfield code="a">Weekly</subfield></datafield><datafield ind1="0" ind2=" " tag="362"><subfield code="a">Vol. 4, no. 1 (Nov. 15, 1892)-</subfield></datafield><datafield ind1=" " ind2=" " tag="500"><subfield code="a">Published in Fort Fairfield, Me., May 17, 1893-</subfield></datafield><datafield ind1=" " ind2="0" tag="651"><subfield code="a">Presque Isle (Me.)</subfield><subfield code="v">Newspapers.</subfield></datafield><datafield ind1=" " ind2="0" tag="651"><subfield code="a">Fort Fairfield (Me.)</subfield><subfield code="v">Newspapers.</subfield></datafield><datafield ind1=" " ind2="7" tag="655"><subfield code="a">Newspapers.</subfield><subfield code="2">fast</subfield><subfield code="0">(OCoLC)fst01423814</subfield></datafield><datafield ind1=" " ind2="7" tag="651"><subfield code="a">Maine</subfield><subfield code="z">Fort Fairfield.</subfield><subfield code="2">fast</subfield><subfield code="0">(OCoLC)fst01217619</subfield></datafield><datafield ind1=" " ind2="7" tag="651"><subfield code="a">Maine</subfield><subfield code="z">Presque Isle.</subfield><subfield code="2">fast</subfield><subfield code="0">(OCoLC)fst01219370</subfield></datafield><datafield ind1=" " ind2=" " tag="752"><subfield code="a">United States</subfield><subfield code="b">Maine</subfield><subfield code="c">Aroostook</subfield><subfield code="d">Presque Isle.</subfield></datafield><datafield ind1=" " ind2=" " tag="752"><subfield code="a">United States</subfield><subfield code="b">Maine</subfield><subfield code="c">Aroostook</subfield><subfield code="d">Fort Fairfield.</subfield></datafield><datafield ind1="0" ind2="0" tag="780"><subfield code="t">Aroostook Democrat (Presque Isle, Me.)</subfield><subfield code="w">(DLC)sn 97062800</subfield></datafield></record>